<?xml version="1.0" encoding="UTF-8"?>
<record xmlns="http://www.loc.gov/MARC21/slim" xmlns:xsi="http://www.w3.org/2001/XMLSchema-instance" xsi:schemaLocation="http://www.loc.gov/MARC21/slim http://www.loc.gov/standards/marcxml/schema/MARC21slim.xsd">
<leader>     cam a2200253 a 4500</leader>
<controlfield tag="001">002177781</controlfield>
<controlfield tag="003">NNU</controlfield>
<controlfield tag="005">19940922084954.0</controlfield>
<controlfield tag="008">940922s1935    su ab    b    000 0 ara d</controlfield>
<datafield tag="035" ind1="9" ind2=" ">
<subfield code="a">NYUb11210169</subfield>
</datafield>
<datafield tag="035" ind1=" " ind2=" ">
<subfield code="a">(CStRLIN)NYUG93-B27413</subfield>
</datafield>
<datafield tag="040" ind1=" " ind2=" ">
<subfield code="a">NNU</subfield>
<subfield code="c">NNU</subfield>
</datafield>
<datafield tag="043" ind1=" " ind2=" ">
<subfield code="a">a-su---</subfield>
</datafield>
<datafield tag="090" ind1=" " ind2=" ">
<subfield code="a">NA1471.M42</subfield>
<subfield code="b">A56 1935</subfield>
<subfield code="i">09/22/94 CT</subfield>
</datafield>
<datafield tag="100" ind1="1" ind2=" ">
<subfield code="a">Anṣārī, ʻAbd al-Quddūs,</subfield>
<subfield code="d">1906 or 7-1983.</subfield>
</datafield>
<datafield tag="245" ind1="1" ind2="0">
<subfield code="a">Āthār al-Madīnah al-Munawwarah /</subfield>
<subfield code="c">bi-qalam ʻAbd al-Qaddūs Anṣārī.</subfield>
</datafield>
<datafield tag="260" ind1=" " ind2=" ">
<subfield code="a">al-Madīnah al-Munawwarah :</subfield>
<subfield code="b">al-Maktabah al-ʻIlmīyah,</subfield>
<subfield code="c">1935.</subfield>
</datafield>
<datafield tag="300" ind1=" " ind2=" ">
<subfield code="a">188 p. :</subfield>
<subfield code="b">ill., maps :</subfield>
<subfield code="c">23 cm.</subfield>
</datafield>
<datafield tag="500" ind1=" " ind2=" ">
<subfield code="a">Title page partially vocalized.</subfield>
</datafield>
<datafield tag="504" ind1=" " ind2=" ">
<subfield code="a">Includes bibliographical references (p. 4).</subfield>
</datafield>
<datafield tag="650" ind1=" " ind2="0">
<subfield code="a">Architecture</subfield>
<subfield code="z">Saudi Arabia</subfield>
<subfield code="z">Medina.</subfield>
</datafield>
<datafield tag="651" ind1=" " ind2="0">
<subfield code="a">Medina (Saudi Arabia)</subfield>
<subfield code="x">Antiquities.</subfield>
</datafield>
<datafield tag="OWN" ind1=" " ind2=" ">
<subfield code="a">GENERAL</subfield>
</datafield>
<datafield tag="950" ind1=" " ind2=" ">
<subfield code="l">BMAIN</subfield>
<subfield code="i">09/22/94 C</subfield>
</datafield>
<datafield tag="955" ind1=" " ind2=" ">
<subfield code="l">BMAIN</subfield>
<subfield code="c">1</subfield>
<subfield code="r">017065908</subfield>
<subfield code="i">09/22/94 C</subfield>
</datafield>
<datafield tag="998" ind1=" " ind2=" ">
<subfield code="a">09/22/94</subfield>
<subfield code="t">c</subfield>
<subfield code="s">9114</subfield>
<subfield code="n">NNU</subfield>
<subfield code="w">NYUG93B27413</subfield>
<subfield code="d">06/10/93</subfield>
<subfield code="c">MG</subfield>
<subfield code="b">MG</subfield>
<subfield code="i">940922</subfield>
<subfield code="l">NYUG</subfield>
</datafield>
<datafield tag="AVA" ind1=" " ind2=" ">
<subfield code="a">NYU50</subfield>
<subfield code="b">BOBST</subfield>
<subfield code="c">Main Collection</subfield>
<subfield code="d">NA1471.M42 A56 1935</subfield>
<subfield code="e">unavailable</subfield>
<subfield code="t">Unavailable</subfield>
<subfield code="f">1</subfield>
<subfield code="g">1</subfield>
<subfield code="h">N</subfield>
<subfield code="i">0</subfield>
<subfield code="j">MAIN</subfield>
<subfield code="k">0</subfield>
</datafield>
</record>
